@phdthesis{mikelson2019nested,
  title={Nested Sampling for biochemical reaction networks with applications to ERK signalling: A likelihood-free approach},
  author={Mikelson, Jan},
  year={2019},
  school={ETH Zurich}
}

@article{mikelson2019likelihood,
  title={Likelihood-free nested sampling for biochemical reaction networks},
  author={Mikelson, Jan and Khammash, Mustafa},
  journal={bioRxiv},
  pages={564047},
  year={2019},
  publisher={Cold Spring Harbor Laboratory}
}

 
