@phdthesis{mikelson2019nested,
  title={Nested Sampling for biochemical reaction networks with applications to ERK signalling: A likelihood-free approach},
  author={Mikelson, Jan},
  year={2019},
  school={ETH Zurich}
}
 
